@misc{website:emnebeskrivelse,
    author = "EiT",
    title = {{Emnebeskrivelse 2013/2014 | Eksperter i team (EiT) (2013)}},
    month = "Februar",
    year = "2013/2014",
    howpublished = "\url{http://www.ntnu.no/eit/emnebeskrivelse/}"
}

@misc{website:eit,
    author = "EiT",
    title = {{Hva er Eksperter i team (EiT)?}},
    month = "Mars",
    year = "2013",
    howpublished = "\url{http://www.ntnu.no/eit/om/}"
}

@article{effectiveTeams,
        author = "Wheelan, Susan A.",
        title = "Creating Effective Teams",
        journal = "A Guide for Members and Leaders. 3. utg. SAGE.",
        year = "2009",
        pages = ""
}

@article{fasilitator,
        author = "Schwarz, R",
        title = "The skilled facilitator",
        journal = "2. utg. San Francisco: Jossey - Bass.",
        year = "2002",
        pages = ""
}

@article{gruppeteori,
        author = "Johnson, D.W \& Johnson, F.P.",
        title = "Joining Together Group Theory and Group Skills",
        journal = "11. utg. Pearson Education.",
        year = "2013",
        pages = ""
}

@article{hjerto,
    author = "Hjert√∏, Kjell B.",
    title = "TEAM",
    journal = "Fagboklaget",
    year = "2008",
    pages = "27 - 35"
}
