@misc{website:emnebeskrivelse,
    author = "EiT",
    title = {{Emnebeskrivelse 2013/2014 | Eksperter i team (EiT) (2013)}},
    month = "Februar",
    year = "2013/2014",
    howpublished = "\url{http://www.ntnu.no/eit/emnebeskrivelse}"
}

@misc{website:eit,
    author = "EiT",
    title = {{Hva er Eksperter i team (EiT)?}},
    month = "Mars",
    year = "2013",
    howpublished = "\url{http://www.ntnu.no/eit/om}"
}

@misc{website:wiki_boolean,
    author = "Wikipedia",
    title = {{Boolean data type}},
    year = "2014",
    howpublished = "\url{http://en.wikipedia.org/wiki/Boolean_data_type}",
    note = "{Hentet: 2014-04-02}"
}

@misc{website:wiki_evoting,
    author = "Wikipedia",
    title = {{Electronic voting}},
    year = "2014",
    howpublished = "\url{http://en.wikipedia.org/wiki/Electronic_voting}",
    note = "{Hentet: 2014-04-02}"
}
@misc{website:glossary,
    author = "Glossary",
    title = {{Glossary, MySQL}},
    year = "2014",
    howpublished = "\url{http://codex.wordpress.org/Glossary#MySQL}",
    note = "{Hentet: 2014-03-19}"

}
@misc{website:wiki_PHP,
    author = "Wikipedia",
    title = {{PHP}},
    year = "2014",
    howpublished = "\url{http://no.wikipedia.org/wiki/PHP}",
    note = "{Hentet: 2014-04-02}"
}

@misc{website:smarthome,
    author = "Oxford Dictionaries",
    title = {{Smart Home}},
    year = "2014",
    howpublished = "\url{http://www.oxforddictionaries.com/definition/english/smart-home}",
    note = "{Hentet: 2014-03-19}"
}

@misc{website:sessionvariable,
    author = "W3Schools, PHP",
    title = {{PHP Sessions}},
    howpublished = "\url{http://www.w3schools.com/php/php_sessions.asp}",
    note = "{Hentet: 2014-02-26}"
}

@misc{website:sustainable,
    author = "Oxford Dictionaries",
    title = {{Sustainable}},
    year = "2014",
    howpublished = "\url{http://www.oxforddictionaries.com/definition/english/sustainable?q=sustainable}",
    note = "{Hentet: 2014-02-26}"
}

@misc{website:agent,
    author = "Online Etymology Dictionary",
    title = {{Agent}},
    year = "2014",
    howpublished = "\url{http://www.etymonline.com/index.php?term=agent&allowed_in_frame=0}",
    note = "{Hentet: 2014-02-26}"
}

@misc{website:gibilesco_agent,
    author = "Stan Gibilesco",
    title = {{Software Agent}},
    year = "2013",
    howpublished = "\url{http://whatis.techtarget.com/definition/software-agent}",
    note = "{Hentet: 2014-02-26}"
}

@misc{website:frivillig_th,
    author = "Frivillig Trondheim",
    title = "{{Frivillig Trondheim}}",
    year = "2014",
    howpublished = "\url{http://www.frivilligtrondheim.no/}",
    note = "{Hentet: 2014-04-26}"
}
@misc{website:Finn,
    author = "Finn.no",
    title = "{{Sm√•jobber}}",
    year = "2014",
    howpublished = "\url{http://www.finn.no/smajobber/?o=ikon}",
    note = "{Hentet: 2014-04-26}"
}

@article{effectiveTeams,
        author = "Susan A. Wheelan",
        title = "Creating Effective Teams",
        journal = "A Guide for Members and Leaders. 3. utg. SAGE.",
        year = "2009",
        pages = ""
}

@article{fasilitator,
        author = "R. Schwarz",
        title = "The skilled facilitator",
        journal = "2. utg. San Francisco: Jossey - Bass.",
        year = "2002",
        pages = ""
}

@article{schermer,
        author = "B. W. Schermer",
        title = "Software agents, surveillance, and the right to privacy:
a legislative framework for agent-enabled surveillance",
        journal = "Leiden University Press",
        year = "2007",
        pages = ""
}

@article{nwana,
        author = "H. S. Nwana",
        title = "Software Agents: An Overview",
        year = "1996",
        pages = ""
}

@article{gruppeteori,
        author = "D.W Johnson and F.P. Johnson",
        title = "Joining Together Group Theory and Group Skills",
        journal = "11. utg. Pearson Education.",
        year = "2013",
        pages = ""
}

@article{agent,
    author = "S. Franklin and A. Graesser",
    title = "Is it an Agent, or just a Program?: A Taxonomy for Autonomous Agents",
    journal = "University of Memphis, Institute for Intelligent Systems",
    year = "1997",
    pages = ""
}

@article{luck_dinverno_agent,
    author = "M. Luck and M. D'Inverno",
    title = "Goal Generation and Adoption in Hierarchical Agent Models",
    year = "1995",
}